<?xml version="1.0" encoding="UTF-8"?>
<record xmlns="http://www.loc.gov/MARC21/slim" xmlns:xsi="http://www.w3.org/2001/XMLSchema-instance" xsi:schemaLocation="http://www.loc.gov/MARC21/slim http://www.loc.gov/standards/marcxml/schema/MARC21slim.xsd">
<leader>00000nam a2200265 a 4500</leader>
<controlfield tag="001">002287368</controlfield>
<controlfield tag="003">NNU</controlfield>
<controlfield tag="005">20150817143628.0</controlfield>
<controlfield tag="008">951130s1936    ua            000 0barar</controlfield>
<datafield tag="010" ind1=" " ind2=" ">
<subfield code="a">ne 64002597</subfield>
</datafield>
<datafield tag="035" ind1="9" ind2=" ">
<subfield code="a">NYUb11384626</subfield>
</datafield>
<datafield tag="035" ind1=" " ind2=" ">
<subfield code="a">(CStRLIN)NYUG95-B4142</subfield>
</datafield>
<datafield tag="040" ind1=" " ind2=" ">
<subfield code="c">PSt</subfield>
<subfield code="d">NNU</subfield>
</datafield>
<datafield tag="050" ind1="0" ind2=" ">
<subfield code="a">DT107.2.Z2</subfield>
<subfield code="b">A7</subfield>
</datafield>
<datafield tag="066" ind1=" " ind2=" ">
<subfield code="c">(3</subfield>
</datafield>
<datafield tag="090" ind1=" " ind2=" ">
<subfield code="a">DT107.2.Z2</subfield>
<subfield code="b">A7</subfield>
</datafield>
<datafield tag="100" ind1="1" ind2=" ">
<subfield code="6">880-01</subfield>
<subfield code="a">ʻAqqād, ʻAbbās Maḥmūd,</subfield>
<subfield code="d">1889-1964.</subfield>
</datafield>
<datafield tag="245" ind1="1" ind2="0">
<subfield code="6">880-02</subfield>
<subfield code="a">Saʻd Zaghlūl, sīrah wa-taḥīyah /</subfield>
<subfield code="c">ʻAbbās Maḥmūd al-ʻAqqād.</subfield>
</datafield>
<datafield tag="260" ind1=" " ind2=" ">
<subfield code="6">880-03</subfield>
<subfield code="a">al-Qāhirah :</subfield>
<subfield code="b">Maṭbaʻat Ḥijāzī,</subfield>
<subfield code="c">[1936]</subfield>
</datafield>
<datafield tag="300" ind1=" " ind2=" ">
<subfield code="a">628 p. ;</subfield>
<subfield code="c">25 cm.</subfield>
</datafield>
<datafield tag="500" ind1=" " ind2=" ">
<subfield code="a">In Arabic.</subfield>
</datafield>
<datafield tag="600" ind1="1" ind2="0">
<subfield code="a">Zaghlūl, Saʻd,</subfield>
<subfield code="d">1857-1927.</subfield>
</datafield>
<datafield tag="880" ind1="1" ind2=" ">
<subfield code="6">100-01/</subfield>
<subfield code="a">عقاد، عباس محمود.</subfield>
</datafield>
<datafield tag="880" ind1="1" ind2="0">
<subfield code="6">245-02/</subfield>
<subfield code="a">سعد زغلول، سيرة وتحية /</subfield>
<subfield code="c">عباس محمود العقاد.</subfield>
</datafield>
<datafield tag="880" ind1=" " ind2=" ">
<subfield code="6">260-03/</subfield>
<subfield code="a">القاهرة ؛</subfield>
<subfield code="b">مطبعة حجازي،</subfield>
<subfield code="b">[1936]</subfield>
</datafield>
<datafield tag="OWN" ind1=" " ind2=" ">
<subfield code="a">GENERAL</subfield>
</datafield>
<datafield tag="AVA" ind1=" " ind2=" ">
<subfield code="a">NYU51</subfield>
<subfield code="b">NABUD</subfield>
<subfield code="c">Main Collection</subfield>
<subfield code="d">DT107.2.Z2 A7</subfield>
<subfield code="e">unavailable</subfield>
<subfield code="t">Unavailable</subfield>
<subfield code="f">1</subfield>
<subfield code="g">1</subfield>
<subfield code="h">N</subfield>
<subfield code="i">0</subfield>
<subfield code="j">MAIN</subfield>
<subfield code="k">0</subfield>
</datafield>
<datafield tag="AVA" ind1=" " ind2=" ">
<subfield code="a">NYU50</subfield>
<subfield code="b">BOBST</subfield>
<subfield code="c">Main Collection</subfield>
<subfield code="d">DT107.2.Z2 A7</subfield>
<subfield code="e">unavailable</subfield>
<subfield code="t">Unavailable</subfield>
<subfield code="f">1</subfield>
<subfield code="g">1</subfield>
<subfield code="h">N</subfield>
<subfield code="i">3</subfield>
<subfield code="j">MAIN</subfield>
<subfield code="k">0</subfield>
</datafield>
</record>
